@article{Cost_Volume,
  author    = {Alex Kendall and
               Hayk Martirosyan and
               Saumitro Dasgupta and
               Peter Henry and
               Ryan Kennedy and
               Abraham Bachrach and
               Adam Bry},
  title     = {End-to-End Learning of Geometry and Context for Deep Stereo Regression},
  journal   = {CoRR},
  volume    = {abs/1703.04309},
  year      = {2017},
  url       = {http://arxiv.org/abs/1703.04309},
  eprinttype = {arXiv},
  eprint    = {1703.04309},
  timestamp = {Mon, 13 Aug 2018 16:49:08 +0200},
  biburl    = {https://dblp.org/rec/journals/corr/KendallMDHKBB17.bib},
  bibsource = {dblp computer science bibliography, https://dblp.org}
}

@misc{guo2019groupwise,
      title={Group-wise Correlation Stereo Network}, 
      author={Xiaoyang Guo and Kai Yang and Wukui Yang and Xiaogang Wang and Hongsheng Li},
      year={2019},
      eprint={1903.04025},
      archivePrefix={arXiv},
      primaryClass={cs.CV}
}

@article{PSM-Net,
  author    = {Jia{-}Ren Chang and
               Yong{-}Sheng Chen},
  title     = {Pyramid Stereo Matching Network},
  journal   = {CoRR},
  volume    = {abs/1803.08669},
  year      = {2018},
  url       = {http://arxiv.org/abs/1803.08669},
  eprinttype = {arXiv},
  eprint    = {1803.08669},
  timestamp = {Mon, 13 Aug 2018 16:48:22 +0200},
  biburl    = {https://dblp.org/rec/journals/corr/abs-1803-08669.bib},
  bibsource = {dblp computer science bibliography, https://dblp.org}
}

@article{simonyan2013deep,
  title={Deep inside convolutional networks: Visualising image classification models and saliency maps},
  author={Simonyan, Karen and Vedaldi, Andrea and Zisserman, Andrew},
  journal={arXiv preprint arXiv:1312.6034},
  year={2013}
}

@article{CutMix,
  author    = {Sangdoo Yun and
               Dongyoon Han and
               Seong Joon Oh and
               Sanghyuk Chun and
               Junsuk Choe and
               Youngjoon Yoo},
  title     = {CutMix: Regularization Strategy to Train Strong Classifiers with Localizable
               Features},
  journal   = {CoRR},
  volume    = {abs/1905.04899},
  year      = {2019},
  url       = {http://arxiv.org/abs/1905.04899},
  eprinttype = {arXiv},
  eprint    = {1905.04899},
  timestamp = {Tue, 28 May 2019 12:48:08 +0200},
  biburl    = {https://dblp.org/rec/journals/corr/abs-1905-04899.bib},
  bibsource = {dblp computer science bibliography, https://dblp.org}
}

@article{MixUp,
  author    = {Hongyi Zhang and
               Moustapha Ciss{\'{e}} and
               Yann N. Dauphin and
               David Lopez{-}Paz},
  title     = {mixup: Beyond Empirical Risk Minimization},
  journal   = {CoRR},
  volume    = {abs/1710.09412},
  year      = {2017},
  url       = {http://arxiv.org/abs/1710.09412},
  eprinttype = {arXiv},
  eprint    = {1710.09412},
  timestamp = {Mon, 13 Aug 2018 16:47:14 +0200},
  biburl    = {https://dblp.org/rec/journals/corr/abs-1710-09412.bib},
  bibsource = {dblp computer science bibliography, https://dblp.org}
}

@article{DBLP:journals/corr/RonnebergerFB15,
  author    = {Olaf Ronneberger and
               Philipp Fischer and
               Thomas Brox},
  title     = {U-Net: Convolutional Networks for Biomedical Image Segmentation},
  journal   = {CoRR},
  volume    = {abs/1505.04597},
  year      = {2015},
  url       = {http://arxiv.org/abs/1505.04597},
  eprinttype = {arXiv},
  eprint    = {1505.04597},
  timestamp = {Mon, 13 Aug 2018 16:46:52 +0200},
  biburl    = {https://dblp.org/rec/journals/corr/RonnebergerFB15.bib},
  bibsource = {dblp computer science bibliography, https://dblp.org}
}

@INPROCEEDINGS{KITTI2015,
  author={Menze, Moritz and Geiger, Andreas},
  booktitle={2015 IEEE Conference on Computer Vision and Pattern Recognition (CVPR)}, 
  title={Object scene flow for autonomous vehicles}, 
  year={2015},
  volume={},
  number={},
  pages={3061-3070},
  doi={10.1109/CVPR.2015.7298925}}
  
  @InProceedings{SceneFlow,
  author       = "N.Mayer and E.Ilg and P.H{\"a}usser and P.Fischer and D.Cremers and A.Dosovitskiy and T.Brox",
  title        = "A Large Dataset to Train Convolutional Networks for Disparity, Optical Flow, and Scene Flow Estimation",
  booktitle    = "IEEE International Conference on Computer Vision and Pattern Recognition (CVPR)",
  month        = " ",
  year         = "2016",
  note         = "arXiv:1512.02134",
  url          = "http://lmb.informatik.uni-freiburg.de/Publications/2016/MIFDB16"
}

@article{Cityscapes,
  author    = {Marius Cordts and
               Mohamed Omran and
               Sebastian Ramos and
               Timo Rehfeld and
               Markus Enzweiler and
               Rodrigo Benenson and
               Uwe Franke and
               Stefan Roth and
               Bernt Schiele},
  title     = {The Cityscapes Dataset for Semantic Urban Scene Understanding},
  journal   = {CoRR},
  volume    = {abs/1604.01685},
  year      = {2016},
  url       = {http://arxiv.org/abs/1604.01685},
  eprinttype = {arXiv},
  eprint    = {1604.01685},
  timestamp = {Mon, 13 Aug 2018 16:47:48 +0200},
  biburl    = {https://dblp.org/rec/journals/corr/CordtsORREBFRS16.bib},
  bibsource = {dblp computer science bibliography, https://dblp.org}
}

@inbook{Object_Perception,
author = {Schwarz, Max and Behnke, Sven},
year = {2019},
month = {10},
pages = {285-307},
title = {Semantic RGB-D Perception for Cognitive Service Robots},
isbn = {978-3-030-28602-6},
doi = {10.1007/978-3-030-28603-3_13}
}

@article{Vehicle_Perception,
  author    = {Bo Li and
               Tianlei Zhang and
               Tian Xia},
  title     = {Vehicle Detection from 3D Lidar Using Fully Convolutional Network},
  journal   = {CoRR},
  volume    = {abs/1608.07916},
  year      = {2016},
  url       = {http://arxiv.org/abs/1608.07916},
  eprinttype = {arXiv},
  eprint    = {1608.07916},
  timestamp = {Mon, 13 Aug 2018 16:46:23 +0200},
  biburl    = {https://dblp.org/rec/journals/corr/LiZX16.bib},
  bibsource = {dblp computer science bibliography, https://dblp.org}
}

@article{View_Synthesis,
  author    = {Tinghui Zhou and
               Richard Tucker and
               John Flynn and
               Graham Fyffe and
               Noah Snavely},
  title     = {Stereo Magnification: Learning View Synthesis using Multiplane Images},
  journal   = {CoRR},
  volume    = {abs/1805.09817},
  year      = {2018},
  url       = {http://arxiv.org/abs/1805.09817},
  eprinttype = {arXiv},
  eprint    = {1805.09817},
  timestamp = {Mon, 07 Jun 2021 17:00:33 +0200},
  biburl    = {https://dblp.org/rec/journals/corr/abs-1805-09817.bib},
  bibsource = {dblp computer science bibliography, https://dblp.org}
}

@INPROCEEDINGS{Light_Source,
  author={Saska, Martin and Krátký, Vít and Spurný, Vojtěch and Báča, Tomáš},
  booktitle={2017 22nd IEEE International Conference on Emerging Technologies and Factory Automation (ETFA)}, 
  title={Documentation of dark areas of large historical buildings by a formation of unmanned aerial vehicles using model predictive control}, 
  year={2017},
  volume={},
  number={},
  pages={1-8},
  doi={10.1109/ETFA.2017.8247654}}
  
@article{NimbRo-OP2X,
  author    = {Grzegorz Ficht and
               Hafez Farazi and
               Diego Rodriguez and
               Dmytro Pavlichenko and
               Philipp Allgeuer and
               Andr{\'{e}} Brandenburger and
               Sven Behnke},
  title     = {NimbRo-OP2X: Affordable Adult-sized 3D-printed Open-Source Humanoid
               Robot for Research},
  journal   = {CoRR},
  volume    = {abs/2010.09308},
  year      = {2020},
  url       = {https://arxiv.org/abs/2010.09308},
  eprinttype = {arXiv},
  eprint    = {2010.09308},
  timestamp = {Wed, 21 Oct 2020 12:11:48 +0200},
  biburl    = {https://dblp.org/rec/journals/corr/abs-2010-09308.bib},
  bibsource = {dblp computer science bibliography, https://dblp.org}
}

@article{ResNet,
  author    = {Kaiming He and
               Xiangyu Zhang and
               Shaoqing Ren and
               Jian Sun},
  title     = {Deep Residual Learning for Image Recognition},
  journal   = {CoRR},
  volume    = {abs/1512.03385},
  year      = {2015},
  url       = {http://arxiv.org/abs/1512.03385},
  eprinttype = {arXiv},
  eprint    = {1512.03385},
  timestamp = {Wed, 17 Apr 2019 17:23:45 +0200},
  biburl    = {https://dblp.org/rec/journals/corr/HeZRS15.bib},
  bibsource = {dblp computer science bibliography, https://dblp.org}
}

@misc{GwcGit,
  title = {Official Implementation of GwcNet},
  howpublished = {\url{https://github.com/xy-guo/GwcNet/blob/master/models/submodule.py}},
  note = {Accessed: 2021-09-29}
}

@article{Wasserstein_Dist_Disp_Estimation,
  author    = {Divyansh Garg and
               Yan Wang and
               Bharath Hariharan and
               Mark Campbell and
               Kilian Q. Weinberger and
               Wei{-}Lun Chao},
  title     = {Wasserstein Distances for Stereo Disparity Estimation},
  journal   = {CoRR},
  volume    = {abs/2007.03085},
  year      = {2020},
  url       = {https://arxiv.org/abs/2007.03085},
  eprinttype = {arXiv},
  eprint    = {2007.03085},
  timestamp = {Mon, 20 Jul 2020 14:20:39 +0200},
  biburl    = {https://dblp.org/rec/journals/corr/abs-2007-03085.bib},
  bibsource = {dblp computer science bibliography, https://dblp.org}
}

@misc{SMP,
  title = {Segmentation Models Pytorch},
  howpublished = {\url{https://github.com/qubvel/segmentation_models.pytorch}},
  note = {Accessed: 2021-09-29}
}

@article{CompressionArtifactRemoval,
  author    = {Pavel Svoboda and
               Michal Hradis and
               David Barina and
               Pavel Zemc{\'{\i}}k},
  title     = {Compression Artifacts Removal Using Convolutional Neural Networks},
  journal   = {CoRR},
  volume    = {abs/1605.00366},
  year      = {2016},
  url       = {http://arxiv.org/abs/1605.00366},
  eprinttype = {arXiv},
  eprint    = {1605.00366},
  timestamp = {Mon, 13 Aug 2018 16:48:00 +0200},
  biburl    = {https://dblp.org/rec/journals/corr/SvobodaHBZ16.bib},
  bibsource = {dblp computer science bibliography, https://dblp.org}
}

@misc{wandb,
title = {Experiment Tracking with Weights and Biases},
year = {2020},
note = {Software available from wandb.com},
url={https://www.wandb.com/},
author = {Biewald, Lukas},
}